%YAML 1.1
%TAG !u! tag:unity3d.com,2011:
--- !u!1 &1784053777793826
GameObject:
  m_ObjectHideFlags: 0
  m_CorrespondingSourceObject: {fileID: 0}
  m_PrefabInstance: {fileID: 0}
  m_PrefabAsset: {fileID: 0}
  serializedVersion: 6
  m_Component:
  - component: {fileID: 4881986708565966}
  - component: {fileID: 114281676789328930}
  - component: {fileID: 114926861234362948}
  - component: {fileID: 114884279096259960}
  - component: {fileID: 114996997588502786}
  - component: {fileID: 114100064436751858}
  m_Layer: 0
  m_Name: GameClock
  m_TagString: Untagged
  m_Icon: {fileID: 0}
  m_NavMeshLayer: 0
  m_StaticEditorFlags: 0
  m_IsActive: 1
--- !u!4 &4881986708565966
Transform:
  m_ObjectHideFlags: 0
  m_CorrespondingSourceObject: {fileID: 0}
  m_PrefabInstance: {fileID: 0}
  m_PrefabAsset: {fileID: 0}
  m_GameObject: {fileID: 1784053777793826}
  m_LocalRotation: {x: 0, y: 0, z: 0, w: 1}
  m_LocalPosition: {x: 0, y: 0, z: 0}
  m_LocalScale: {x: 1, y: 1, z: 1}
  m_Children: []
  m_Father: {fileID: 0}
  m_RootOrder: 0
  m_LocalEulerAnglesHint: {x: 0, y: 0, z: 0}
--- !u!114 &114281676789328930
MonoBehaviour:
  m_ObjectHideFlags: 0
  m_CorrespondingSourceObject: {fileID: 0}
  m_PrefabInstance: {fileID: 0}
  m_PrefabAsset: {fileID: 0}
  m_GameObject: {fileID: 1784053777793826}
  m_Enabled: 0
  m_EditorHideFlags: 0
  m_Script: {fileID: 11500000, guid: 29bf6f8875f4e194d93c0aa8332dd677, type: 3}
  m_Name: 
  m_EditorClassIdentifier: 
  preTickEvent: {fileID: 11400000, guid: 13c7118fd7f400e429d09a55d7574e26, type: 2}
  tickEvent: {fileID: 11400000, guid: 317359ff050876f45b8cf38475c17638, type: 2}
  postTickEvent: {fileID: 11400000, guid: 89d9c0073d723ed4e9935000188933e2, type: 2}
  SO_gameValues: {fileID: 11400000, guid: 635ebb1cd87cd6043966db156fe4f368, type: 2}
  dying: 0
--- !u!114 &114926861234362948
MonoBehaviour:
  m_ObjectHideFlags: 0
  m_CorrespondingSourceObject: {fileID: 0}
  m_PrefabInstance: {fileID: 0}
  m_PrefabAsset: {fileID: 0}
  m_GameObject: {fileID: 1784053777793826}
  m_Enabled: 1
  m_EditorHideFlags: 0
  m_Script: {fileID: 11500000, guid: fb7ee8dab8bc03644b986a72cd5d6afe, type: 3}
  m_Name: 
  m_EditorClassIdentifier: 
  input: 32
  preTickEvent: {fileID: 11400000, guid: 13c7118fd7f400e429d09a55d7574e26, type: 2}
  tickEvent: {fileID: 11400000, guid: 317359ff050876f45b8cf38475c17638, type: 2}
  postTickEvent: {fileID: 11400000, guid: 89d9c0073d723ed4e9935000188933e2, type: 2}
  SO_gameValues: {fileID: 11400000, guid: 635ebb1cd87cd6043966db156fe4f368, type: 2}
--- !u!114 &114884279096259960
MonoBehaviour:
  m_ObjectHideFlags: 0
  m_CorrespondingSourceObject: {fileID: 0}
  m_PrefabInstance: {fileID: 0}
  m_PrefabAsset: {fileID: 0}
  m_GameObject: {fileID: 1784053777793826}
  m_Enabled: 1
  m_EditorHideFlags: 0
  m_Script: {fileID: 11500000, guid: f89975268e1642247884d0d927144be9, type: 3}
  m_Name: 
  m_EditorClassIdentifier: 
  toggleInput: 116
  toAutomaticEvent: {fileID: 11400000, guid: 67a9d5ef2424cc64f8d301ea0b8897d8, type: 2}
  toManualEvent: {fileID: 11400000, guid: a35dbefc114409d4eb99e88bf61c366a, type: 2}
--- !u!114 &114996997588502786
MonoBehaviour:
  m_ObjectHideFlags: 0
  m_CorrespondingSourceObject: {fileID: 0}
  m_PrefabInstance: {fileID: 0}
  m_PrefabAsset: {fileID: 0}
  m_GameObject: {fileID: 1784053777793826}
  m_Enabled: 1
  m_EditorHideFlags: 0
  m_Script: {fileID: 11500000, guid: 98df48243fe244147806493433000eeb, type: 3}
  m_Name: 
  m_EditorClassIdentifier: 
  Event: {fileID: 11400000, guid: 67a9d5ef2424cc64f8d301ea0b8897d8, type: 2}
  Response:
    m_PersistentCalls:
      m_Calls:
      - m_Target: {fileID: 114281676789328930}
        m_MethodName: set_enabled
        m_Mode: 6
        m_Arguments:
          m_ObjectArgument: {fileID: 0}
          m_ObjectArgumentAssemblyTypeName: UnityEngine.Object, UnityEngine
          m_IntArgument: 0
          m_FloatArgument: 0
          m_StringArgument: 
          m_BoolArgument: 1
        m_CallState: 2
      - m_Target: {fileID: 114926861234362948}
        m_MethodName: set_enabled
        m_Mode: 6
        m_Arguments:
          m_ObjectArgument: {fileID: 0}
          m_ObjectArgumentAssemblyTypeName: UnityEngine.Object, UnityEngine
          m_IntArgument: 0
          m_FloatArgument: 0
          m_StringArgument: 
          m_BoolArgument: 0
        m_CallState: 2
      - m_Target: {fileID: 114884279096259960}
        m_MethodName: SwitchAutomatic
        m_Mode: 1
        m_Arguments:
          m_ObjectArgument: {fileID: 0}
          m_ObjectArgumentAssemblyTypeName: UnityEngine.Object, UnityEngine
          m_IntArgument: 0
          m_FloatArgument: 0
          m_StringArgument: 
          m_BoolArgument: 0
        m_CallState: 2
--- !u!114 &114100064436751858
MonoBehaviour:
  m_ObjectHideFlags: 0
  m_CorrespondingSourceObject: {fileID: 0}
  m_PrefabInstance: {fileID: 0}
  m_PrefabAsset: {fileID: 0}
  m_GameObject: {fileID: 1784053777793826}
  m_Enabled: 1
  m_EditorHideFlags: 0
  m_Script: {fileID: 11500000, guid: 98df48243fe244147806493433000eeb, type: 3}
  m_Name: 
  m_EditorClassIdentifier: 
  Event: {fileID: 11400000, guid: a35dbefc114409d4eb99e88bf61c366a, type: 2}
  Response:
    m_PersistentCalls:
      m_Calls:
      - m_Target: {fileID: 114281676789328930}
        m_MethodName: set_enabled
        m_Mode: 6
        m_Arguments:
          m_ObjectArgument: {fileID: 0}
          m_ObjectArgumentAssemblyTypeName: UnityEngine.Object, UnityEngine
          m_IntArgument: 0
          m_FloatArgument: 0
          m_StringArgument: 
          m_BoolArgument: 0
        m_CallState: 2
      - m_Target: {fileID: 114926861234362948}
        m_MethodName: set_enabled
        m_Mode: 6
        m_Arguments:
          m_ObjectArgument: {fileID: 0}
          m_ObjectArgumentAssemblyTypeName: UnityEngine.Object, UnityEngine
          m_IntArgument: 0
          m_FloatArgument: 0
          m_StringArgument: 
          m_BoolArgument: 1
        m_CallState: 2
      - m_Target: {fileID: 114884279096259960}
        m_MethodName: SwitchAutomatic
        m_Mode: 1
        m_Arguments:
          m_ObjectArgument: {fileID: 0}
          m_ObjectArgumentAssemblyTypeName: UnityEngine.Object, UnityEngine
          m_IntArgument: 0
          m_FloatArgument: 0
          m_StringArgument: 
          m_BoolArgument: 1
        m_CallState: 2
